@article{Rabi1938,
author = {Rabi, I I and Zacharias, J R and Millman, S and Kusch, P},
journal = {Physical Review},
number = {4},
pages = {318},
title = {{A New Method of Measuring Nuclear Magnetic Moment}},
volume = {53},
year = {1938}
}

@article{Bloch1946,
author = {Bloch, Felix},
journal = {Physical Review},
doi = {10.1103/PhysRev.70.460},
pages = {460},
title = {{Nuclear Induction}},
volume = {70},
year = {1946}
}

@article{Hahn1949,
author = {Hahn, Erwin L},
journal = {Phys. Rev.},
number = {1},
pages = {145--146},
title = {{An Accurate Nuclear Magnetic Resonance Method for Measuring Spin-Lattice Relaxation Times}},
volume = {76},
year = {1949}
}

@article{Hahn1950,
author = {Hahn, E. L.},
journal = {Physical Review},
number = {4},
pages = {580--594},
title = {{Spin echoes}},
volume = {80},
year = {1950}
}

@article{Hahn1953,
author = {Hahn, E. L.},
journal = {Physics Today},
number = {11},
pages = {4--9},
title = {{Free Nuclear Induction}},
volume = {6},
year = {1953}
}

@article{Feynman1957,
author = {Feynman, Richard P. and Vernon, Frank L. and Hellwarth, Robert W.},
doi = {10.1063/1.1722572},
journal = {Journal of Applied Physics},
number = {1},
pages = {49--52},
title = {{Geometrical Representation of the Schr{\"{o}}dinger Equation for Solving Maser Problems}},
volume = {28},
year = {1957}
}

@article{Carr1958,
author = {Carr, H. Y.},
journal = {Physical Review},
number = {5},
pages = {1693--1701},
title = {{Steady-State Free Precession in Nuclear Magnetic Resonance}},
volume = {112},
year = {1958}
}

@article{Ernst1966,
author = {Ernst, R. R. and Anderson, W. A.},
journal = {Review of Scientific Instruments},
number = {1},
pages = {93--102},
title = {{Application of fourier transform spectroscopy to magnetic resonance}},
volume = {37},
year = {1966}
}

@article{Ramachandran1971,
author = {Ramachandran, G. N. and Lakshminarayanan, A. V.},
issn = {00278424},
journal = {Proceedings of the National Academy of Sciences of the United States of America},
number = {9},
pages = {2236--2240},
title = {{Three-dimensional reconstruction from radiographs and electron micrographs: application of convolutions instead of Fourier transforms.}},
volume = {68},
year = {1971}
}


@article{Lauterbur1973,
author = {Lauterbur, P. C.},
journal = {Nature},
pages = {190--191},
title = {{Image formation by induced local interactions: examples employing Nuclear Magnetic Resonance.}},
volume = {242},
year = {1973}
}

@article{Lauterbur1974,
author = {Lauterbur, P. C.},
journal = {Pure and Applied Chemistry},
pages = {149},
title = {{Magnetic resonance zeugmatography}},
volume = {40},
year = {1974}
}

@article{Kumar1975,
author = {Kumar, Anil and Welti, Dieter and Ernst, Richard R.},
journal = {Journal of Magnetic Resonance},
number = {1},
pages = {69--83},
title = {{NMR Fourier zeugmatography}},
volume = {18},
year = {1975}
}

@article{Hoult1974,
author = {Hoult, D. I. and Busby, S. J. W. and Gadian, D. G. and Radda, G. K. and Richards, R. E. and Seeley, P. J.},
doi = {10.1038/252285a0},
journal = {Nature},
pages = {285--287},
title = {{Observation of tissue metabolites using 31P nuclear magnetic resonance}},
volume = {252},
year = {1974}
}

@article{Gadian1976,
author = {Gadian, David G and Hoult, D I and Radda, George K and Seeley, P J and Chance, B and Barlow, Clyde},
journal = {Proc. Natl. Acad. Sci. USA},
number = {12},
pages = {4446--4448},
title = {{Phosphorus nuclear magnetic resonance studies on normoxic and ischemic cardiac tissue}},
volume = {73},
year = {1976}
}

@article{Mansfield1977,
author = {Mansfield, P},
journal = {Journal of Physics C: Solid State Physics},
number = {3},
pages = {L55--L58},
title = {{Multi-planar image formation using NMR spin echoes}},
volume = {10},
year = {1977}
}

@article{Jacobus1977,
author = {Jacobus, William E. and Taylor, George J. IV and Hollis, Donald P. and Nunnally, Ray L.},
journal = {Nature},
pages = {756--758},
title = {{Phosphorous nuclear magnetic resonance of perfused working rat hearts}},
volume = {265},
year = {1977}
}

@article{Pengelly1979,
author = {Pengelly, L. D. and Tarshis, A. M. and Rebuck, A. S.},
journal = {Journal of Applied Physiology Respiratory Environmental and Exercise Physiology},
number = {4},
pages = {709--715},
title = {{Contribution of rib cage and abdomen-diaphragm to tidal volume during CO2 rebreathing}},
volume = {46},
year = {1979}
}


@article{Moran1982,
author = {Moran, Paul R},
journal = {Magnetic Resonance Imaging},
pages = {197--203},
title = {{A flow velociy zeugmatographic interlace for NMR imaging in humans}},
volume = {1},
year = {1982}
}


@article{Goldman1982,
author = {Goldman, M R and Brady, T J and Pykett, I L and Burt, C T and Buonanno, F S and Kistler, J P and Newhouse, J H and Hinshaw, W S and Pohost, G M},
journal = {Circulation},
number = {5},
pages = {1012--6},
title = {{Quantification of experimental myocardial infarction using nuclear magnetic resonance imaging and paramagnetic ion contrast enhancement in excised canine hearts.}},
volume = {66},
year = {1982}
}

@article{Kaufman1983,
author = {Kaufman, Leon and Crooks, Lawrence and Sheldon, Philip and Hricak, Hedvig and Herfkens, Robert and Bank, William},
journal = {Circulation},
number = {2},
pages = {251--257},
title = {{The Potential Impact of Nuclear Magnetic Resonance Imaging on Cardiovascular Diagnosis}},
volume = {67},
year = {1983}
}

@article{Herfkens1983,
author = {Herfkens, Robert J and Higgins, Charles B and Hricak, Hedvig and Lipton, Martin J and Crooks, Lawrence E and Lanzer, Peter and Botvinick, Elias and Sheldon, Philip E and Kaufman, Leon},
journal = {Radiology},
number = {3},
pages = {749--759},
title = {{Nuclear Magnetic Resonance Imaging of the Cardiovascular System: Normal and Pathologic Findings}},
volume = {147},
year = {1983}
}

@article{Twieg1983,
author = {Twieg, Donald B.},
journal = {Medical Physics},
number = {5},
pages = {610--621},
title = {{The k-trajectory formulation of the NMR imaging process with applications in analysis and synthesis of imaging methods}},
volume = {10},
year = {1983}
}

@article{Ljunggren1983,
author = {Ljunggren, Stig},
journal = {Journal of Magnetic Resonance},
number = {2},
pages = {338--343},
title = {{A simple graphical representation of fourier-based imaging methods}},
volume = {54},
year = {1983}
}

@article{VanDijk1984,
author = {{van Dijk}, P},
file = {:Users/alefyr/Desktop/vandijk1984.pdf:pdf},
journal = {Journal of Computer Assisted Tomography},
number = {3},
pages = {429--436},
title = {{Direct Cardiac NMR Imaging of Heart Wall and Blood Flow Velocity}},
volume = {8},
year = {1984}
}

@article{Bryant1984,
author = {Bryant, D J and Payne, J A and Firmin, D N and Longmore, D B},
journal = {Journal of Computer Assisted Tomography},
number = {4},
pages = {588--593},
title = {{Measurement of Flow With NMR Imaging Using a Gradient Pulse and Phase Difference Technique}},
volume = {8},
year = {1984}
}

@article{Lanzer1984,
author = {Lanzer, P and Botvinick, E H and Schiller, N B and Crooks, L E and Arakawa, M and Kaufman, L and Davis, P L and Herfkens, R and Lipton, M J and Higgins, C B},
journal = {Radiology},
number = {1},
pages = {121--127},
title = {{Cardiac imaging using gated magnetic resonance.}},
volume = {150},
year = {1984}
}

@article{Pohost1984,
author = {Pohost, Gerald M and Ratner, Adam V.},
journal = {JAMA},
number = {10},
pages = {1304--1309},
title = {{Nuclear Resonance Spectroscopy Potential Applications in Clinical Cardiology}},
volume = {251},
year = {1984}
}

@article{Waterton1985,
author = {Waterton, J. C. and Jenkins, J. P.R. and Zhu, X. P. and Love, H. G. and Isherwood, I. and Rowlands, D. J.},
journal = {British Journal of Radiology},
number = {692},
pages = {711--716},
title = {{Magnetic resonance (MR) cine imaging of the human heart}},
volume = {58},
year = {1985}
}

@article{Moran1985,
author = {Moran, Paul R and Moran, Richard A and Karstaedt, Nolan},
journal = {Radiology},
pages = {433--441},
title = {{Verification and Evaluation of Internal Flow and Motion}},
volume = {154},
year = {1985}
}

@article{Wood1985,
author = {Wood, Michael L. and Henkelman, R. Mark},
journal = {Medical Physics},
number = {2},
pages = {143--151},
title = {{MR image artifacts from periodic motion}},
volume = {12},
year = {1985}
}

@article{Ahn1986,
author = {Ahn, C. B. and Kim, J. H. and Cho, Z. H.},
journal = {IEEE Transactions on Medical Imaging},
number = {1},
pages = {2--7},
title = {{High-Speed Spiral-Scan Echo Planar NMR Imaging-I}},
volume = {5},
year = {1986}
}

@article{Sechtem1987a,
author = {Sechtem, U and Pflugfelder, P W and White, R D and Gould, R G and Holt, W and Lipton, M J and Higgins, C B},
journal = {American Journal of Roentgenology},
number = {2},
pages = {239--46},
title = {{Cine MR imaging: potential for the evaluation of cardiovascular function.}},
volume = {148},
year = {1987}
}

@article{Sechtem1987b,
author = {Sechtem, U and Pflugfelder, P W and Gould, R G and Cassidy, M M and Higgins, C B},
journal = {Radiology},
number = {3},
pages = {697--702},
title = {{Measurement of right and left ventricular volumes in healthy individuals with cine MR imaging.}},
volume = {163},
year = {1987}
}

@article{Mosteller1987,
author = {Mosteller, R D},
journal = {The New England Journal Of Medicine},
pages = {1098},
title = {{Simplified calculation of body-surface area}},
volume = {317},
year = {1987}
}

@article{Utz1987,
author = {Utz, JA and Herfkens, RJ and Heinsimer, JA and Bashore, T and Califf, R and Glover, G and Pelc, N and Shimakawa, A},
journal = {American Journal of Roentgenology},
number = {5},
pages = {839--843},
title = {{Cine MR determination of left ventricular ejection fraction}},
volume = {148},
year = {1987}
}

@book{Krane1988,
author = "Krane, Kenneth S",
title = "{Introductory nuclear physics}",
publisher = "Wiley",
address = "New York, NY",
year = "1988",
}

@article{Riederer1988,
author = {Riederer, J and Lee, N and Herfkens, J},
journal = {Magnetic Resonance in Medicine},
pages = {1--15},
title = {{Fluoroscopy: Technical Feasibility}},
volume = {15},
year = {1988}
}

@article{Lenz1989,
author = {Lenz, Gerald W and Haacke, E Mark and White, Richard D},
journal = {Magnetic Resonance Imaging},
pages = {445--455},
title = {{Retrospective cardiac gating: A review of technical aspects and future directions}},
volume = {7},
year = {1989}
}

@article{Pauly1989,
author = {Pauly, John M and Nishimura, Dwight G and Macovski, Albert},
journal = {Journal of Magnetic Resonance},
pages = {43--56},
pmid = {22152370},
title = {{A k-Space Analysis of Small-Tip-Angle Excitation}},
volume = {81},
year = {1989}
}

@article{Roemer1990,
author = {Roemer, P B and Edelstein, W A and Hayes, C E},
journal = {Magnetic Resonance in Medicine},
pages = {192--225},
title = {{The NMR Phased Array}},
volume = {225},
year = {1990}
}


@article{Deriche1990,
author = {Deriche, Rachid},
journal = {IEEE Transactions on Pattern Analysis and Machine Intelligence},
keywords = {Computer vision,Edge detection,Multiscale representation,Recursive filtering},
number = {1},
pages = {78--87},
title = {{Fast Algorithms for Low-Level Vision}},
volume = {12},
year = {1990}
}

@article{Whalen1991,
author = {Whalen, M. and Shapiro, J. I.},
journal = {Magnetic Resonance Imaging},
number = {2},
pages = {229--234},
title = {{Controlled ventilation during NMR spectroscopic studies: Hemodynamic and biochemical consequences}},
volume = {9},
year = {1991}
}

@article{Jackson1991,
author = {Jackson, John I and Meyer, Craig H and Nishimura, Dwight G and Macovski, Albert},
journal = {IEEE Transactions on Medical Imaging},
number = {3},
pages = {473--478},
title = {{Selection of a convolution function for Fourier inversion using gridding (computerised tomography ap - Medical Imaging, IEEE Transactions on}},
volume = {10},
year = {1991}
}

@article{Pauly1991,
author = {Pauly, John and Nishimura, Dwight and Macovski, Albert and Roux, Patrick Le},
journal = {IEEE Transactions on Medical Imaging},
number = {1},
pages = {53--65},
title = {{Parameter Relations for the Shinnar-Le Roux Selective Excitation Pulse Design Algorithm}},
volume = {10},
year = {1991}
}

@article{Ahn1991,
author = {Ahn, C. B. and Cho, Z. H.},
journal = {IEEE transactions on medical imaging},
number = {1},
pages = {47--52},
title = {{Analysis of the Eddy-Current Induced Artifacts and the Temporal Compensation in Nuclear Magnetic Resonance Imaging}},
volume = {10},
year = {1991}
}

@article{Glover1992,
author = {Glover, G. H. and Pauly, J. M.},
journal = {Magnetic Resonance in Medicine},
number = {2},
pages = {275--289},
title = {{Projection reconstruction techniques for reduction of motion effects in MRI}},
volume = {28},
year = {1992}
}

@article{Noll1992,
author = {Noll, Douglas C. and Pauly, John M. and Meyer, Craig H. and Nishimura, Dwight G. and Macovskj, Albert},
journal = {Magnetic Resonance in Medicine},
month = {jun},
number = {2},
pages = {319--333},
publisher = {Wiley-Blackwell},
title = {{Deblurring for non-2D fourier transform magnetic resonance imaging}},
volume = {25},
year = {1992}
}

@article{Bernstein1992,
author = {Bernstein, Matt A and Shimakawa, Ann and Pelc, Norbert J},
journal = {Journal of Magnetic Resonance Imaging},
number = {4},
pages = {583--588},
title = {{Minimizing TE in Moment-nulled or Flow-encoded Two- and Three-dimensional Gradient-Echo Imaging}},
volume = {2},
year = {1992}
}

@article{Anderson1993,
author = {Anderson, Peter G.},
journal = {Applications of Fibonacci Numbers},
pages = {1--9},
title = {{Multidimensional Golden Means}},
volume = {5},
year = {1993}
}

@article{Bernstein1994,
author = {Bernstein, Matt A. and Grgic, Mladen and Brosnan, Thomas J. and Pelc, Norbert J.},
journal = {Magnetic Resonance in Medicine},
pages = {330--334},
title = {{Reconstructions of phase contrast, phased array multicoil data}},
volume = {32},
year = {1994}
}

@inproceedings{Deiming1994:ISMRM,
  author =       {Deiming, M and Heid, O},
  title =        {Magnetization Prepared True FISP Imaging},
  crossref =     {ismrm:94},
  pages =        {495},
}

@article{Foo1995,
author = {Foo, Thomas K.F. and Bernstein, Matt A. and Aisen, Alex M. and Hernandez, Ramiro J. and Collick, Bruce D. and Bernstein, Tsur},
journal = {Radiology},
number = {2},
pages = {471--478},
title = {{Improved ejection fraction and flow velocity estimates with the use of view sharing and uniform repetition time excitation with fast cardiac techniques}},
volume = {195},
year = {1995}
}

@article{Kokubo1995,
author = {Kokubo, A. and Takagi, K.},
journal = {Ultrasonics},
number = {3},
pages = {253--256},
title = {{Ultrasonic micrometer with submicron precision}},
volume = {33},
year = {1995}
}

@article{Hampson1995,
author = {Hampson, N B},
journal = {Seminars in respiratory infections},
number = {3},
pages = {123--30},
title = {{Pulmonary embolism: difficulties in the clinical diagnosis.}},
volume = {10},
year = {1995}
}

@article{Forbat1996,
author = {Forbat, S. M. and Sakrana, M. A. and Darasz, K. H. and El-Demerdash, F. and Underwood, S. R.},
journal = {British Journal of Radiology},
number = {819},
pages = {221--225},
title = {{Rapid assessment of left ventricular volume by short axis cine MRI}},
volume = {69},
year = {1996}
}

@article{Lauzon1996,
author = {Lauzon, M Louis and Rutt, Brian K},
journal = {Magnetic Resonance in Medicine},
number = {6},
pages = {940--949},
title = {{Effects of Polar Sampling in k-Space}},
volume = {36},
year = {1996}
}

@article{Danias1997,
author = {Danias, Peter G. and McConnell, Michael V. and Khasgiwala, Vaibhav C. and Chuang, Michael L. and Edelman, Robert R. and Manning, Warren J.},
journal = {Radiology},
number = {3},
pages = {733--736},
title = {{Prospective navigator correction of image position for coronary MR angiography}},
volume = {203},
year = {1997}
}

@article{McConnell1997,
author = {McConnell, Michael V and Khasgiwala, Vaibhav C. and Savord, Bernard J and Chen, Ming Hui and Chuang, Michael L and Edelman, Robert R and Manning, Warren J},
journal = {American Journal of Roentgenology},
pages = {1369--1375},
title = {{Comparison of Respiratory Suppression Metods and Navigator Locations for MR Coronary Angiography}},
volume = {168},
year = {1997}
}

@article{Noll1997,
author = {Noll, D.C.},
journal = {IEEE Transactions on Medical Imaging},
number = {4},
pages = {372--377},
title = {{Multishot rosette trajectories for spectrally selective MR imaging}},
volume = {16},
year = {1997}
}

@article{Feinstein1997,
author = {Feinstein, Jeffrey A. and Epstein, Frederick H. and Arai, Andrew E. and Foo, Thomas K.F. and Hartley, Michael R. and Balaban, Robert S. and Wolff, Steven D.},
journal = {Journal of Magnetic Resonance Imaging},
number = {5},
pages = {794--798},
title = {{Using cardiac phase to order reconstruction (CAPTOR): A method to improve diastolic images}},
volume = {7},
year = {1997}
}

@article{Pruessmann1999,
author = {Pruessmann, Klaas P. and Weiger, Markus and Scheidegger, Markus B. and Boesiger, Peter},
journal = {Magnetic Resonance in Medicine},
number = {5},
pages = {952--962},
title = {{SENSE: Sensitivity encoding for fast MRI}},
volume = {42},
year = {1999}
}

@article{Pipe1999,
author = {Pipe, James G. and Menon, Padmanabhan},
journal = {Magnetic Resonance in Medicine},
keywords = {Gridding,Nyquist,Sampling density,Spiral MRI},
number = {1},
pages = {179--186},
title = {{Sampling density compensation in MRI: Rationale and an iterative numerical solution}},
volume = {41},
year = {1999}
}

@article{VanDerGeest1999,
author = {{Van Der Geest}, Rob J. and Reiber, Johan H.C.},
journal = {Journal of Magnetic Resonance Imaging},
number = {5},
pages = {602--608},
title = {{Quantification in cardiac MRI}},
volume = {10},
year = {1999}
}

@article{McGee2000,
author = {McGee, Kiaran P. and Manduca, Armando and Felmlee, Joel P. and Riederer, Stephen J. and Ehman, Richard L.},
journal = {Journal of Magnetic Resonance Imaging},
number = {2},
pages = {174--181},
title = {{Image metric-based correction (Autocorrection) of motion effects: Analysis of image metrics}},
volume = {11},
year = {2000}
}

@article{Manduca2000,
author = {Manduca, Armando and McGee, Kiaran P and Welch, E Brian and Felmlee, Joel P and Grimm, Roger C and Ehman, Richard L},
journal = {Radiology},
number = {3},
pages = {904--909},
title = {{Autocorrection in MR imaging: adaptive motion correction without navigator echoes.}},
volume = {215},
year = {2000}
}

@article{Nayak2000,
author = {Nayak, Krishna S. and Pauly, John M. and Kerr, Adam B. and Hu, Bob S. and Nishimura, Dwight G.},
journal = {Magnetic Resonance in Medicine},
number = {2},
pages = {251--258},
title = {{Real-time color flow MRI}},
volume = {43},
year = {2000}
}

@inproceedings{Nishimura2000:ISMRM,
  author =       {Nishimura, Dwight G and Hargreaves, Brian A},
  title =        {Analysis and reduction of the transient response in SSFP imaging},
  crossref =     {ismrm:00},
  pages =        {301},
}

@article{Pruessmann2001,
author = {Pruessmann, Klaas P. and Weiger, Markus and B{\"{o}}rnert, Peter and Boesiger, Peter},
journal = {Magnetic Resonance in Medicine},
number = {4},
pages = {638--651},
title = {{Advances in Sensitivity Encoding With Arbitrary k-Space Trajectories}},
volume = {46},
year = {2001}
}

@article{Sarty2001,
author = {Sarty, Gordon E. and Bennett, Raoqiong and Cox, Robert W.},
issn = {07403194},
journal = {Magnetic Resonance in Medicine},
number = {5},
pages = {908--915},
title = {{Direct reconstruction of non-Cartesian k-space data using a non-uniform fast Fourier transform}},
volume = {45},
year = {2001}
}

@book{Levitt2001,
author = "Levitt, Malcolm H",
title = "{Spin dynamics: basics of nuclear magnetic resonance}",
publisher = "Wiley",
address = "New York, NY",
year = "2001",
}

@article{Hargreaves2001,
author = {Hargreaves, Brian A. and Vasanawala, Shreyas S. and Pauly, John M. and Nishimura, Dwight G.},
journal = {Magnetic Resonance in Medicine},
number = {1},
pages = {149--158},
title = {{Characterization and reduction of the transient response in steady-state MR imaging}},
volume = {46},
year = {2001}
}

@article{Harris2001,
author = {Harris, Robin K and Becker, Edwin D and {Cabral De Menezes}, Sonia M and Goodfellow, Robin and Grander, Pierre},
journal = {Pure and Applied Chemistry},
number = {11},
pages = {1795--1818},
title = {{NMR Nomenclature. Nuclear spin properties and conventions for chemical shifts.}},
volume = {73},
year = {2001}
}

@article{Huang2002,
author = {Huang, Teng Yi and Huang, Ing Jye and Chen, Cheng Yu and Scheffler, Klaus and Chung, Hsiao Wen and Cheng, Hui Cheng},
journal = {Magnetic Resonance in Medicine},
number = {4},
pages = {684--688},
title = {{Are trueFISP images T2/T1-weighted?}},
volume = {48},
year = {2002}
}

@article{Griswold2002,
author = {Griswold, Mark A and Jakob, Peter M and Heidemann, Robin M and Nittka, Mathias and Jellus, Vladimir and Wang, Jianmin and Kiefer, Berthold and Haase, Axel},
journal = {Magnetic Resonance in Medicine},
pages = {1202--1210},
title = {{Generalized Autocalibrating Partially Parallel Acquisitions ( GRAPPA )}},
volume = {1210},
year = {2002}
}

@article{Peters2002,
author = {Peters, Dana C. and Ennis, Daniel Bruce and McVeigh, Elliot R.},
journal = {Magnetic Resonance in Medicine},
number = {1},
pages = {82--88},
title = {{High-resolution MRI of cardiac function with projection reconstruction and steady-state free precession}},
volume = {48},
year = {2002}
}

@article{Deshpande2003,
author = {Deshpande, Vibhas S. and Chung, Yiu Cho and Zhang, Qiang and Shea, Steven M. and Li, Debiao},
journal = {Magnetic Resonance in Medicine},
number = {1},
pages = {151--157},
title = {{Reduction of transient signal oscillations in true-FISP using a linear flip angle series magnetization preparation}},
volume = {49},
year = {2003}
}

@article{LeRoux2003,
author = {{Le Roux}, Patrick},
journal = {Journal of Magnetic Resonance},
number = {1},
pages = {23--37},
title = {{Simplified model and stabilization of SSFP sequences}},
volume = {163},
year = {2003}
}

@article{Godard2003,
author = {Godard, B{\'{e}}atrice and Schmidtke, J{\"{o}}rg and Cassiman, Jean Jacques and Aym{\'{e}}, S{\'{e}}gol{\`{e}}ne},
journal = {European Journal of Human Genetics},
number = {SUPPL. 2},
pages = {88--122},
title = {{Data storage and DNA banking for biomedical research: Informed consent, confidentiality, quality issues, ownership, return of benefits. A professional perspective}},
volume = {11},
year = {2003}
}


@article{Ennis2003,
author = {Ennis, Daniel Bruce and Epstein, Frederick H. and Kellman, Peter and Fananapazir, Lameh and McVeigh, Elliot R. and Arai, Andrew E.},
journal = {Magnetic Resonance in Medicine},
number = {3},
pages = {638--642},
title = {{Assessment of regional systolic and diastolic dysfunction in familial hypertrophic cardiomyopathy using MR tagging}},
volume = {50},
year = {2003}
}

@article{HanhuaFeng2003,
author = {{Hanhua Feng}, Hanhua and {Hong Gu}, Hong and Silbersweig, D. and Stern, E. and {Yihong Yang}, Yihong},
journal = {IEEE Transactions on Medical Imaging},
month = {aug},
number = {8},
pages = {925--932},
pmid = {12906246},
title = {{Single-shot MR imaging using trapezoidal-gradient-based Lissajous trajectories}},
volume = {22},
year = {2003}
}

@article{Fessler2003,
author = {Fessler, Jeffrey A. and Sutton, Bradley P.},
journal = {IEEE Transactions on Signal Processing},
number = {2},
pages = {560--574},
publisher = {IEEE},
title = {{Nonuniform fast Fourier transforms using min-max interpolation}},
volume = {51},
year = {2003}
}

@article{Scheffler2003a,
author = {Scheffler, Klaus and Lehnhardt, Stefan},
journal = {European Radiology},
number = {11},
pages = {2409--2418},
title = {{Principles and applications of balanced SSFP techniques}},
volume = {13},
year = {2003}
}

@article{Scheffler2003b,
author = {Scheffler, Klaus and Hennig, J{\"{u}}rgen},
journal = {Magnetic Resonance in Medicine},
number = {2},
pages = {395--397},
title = {{Is TrueFISP a gradient-echo or a spin-echo sequence?}},
volume = {49},
year = {2003}
}

@article{Peters2003,
author = {Peters, Dana C and Derbyshire, J Andrew and Mcveigh, Elliot R},
pages = {1--6},
title = {{Centering the Projection Reconstruction Trajectory: Reducing Gradient Delay Errors}},
volume = {6},
year = {2003}
}

@inproceedings{Larson2003:RSNA,
author = {Larson, Andrew C and Simonetti, Orlando P and White, Richard D and Laub, Gerhard and McVeigh, Elliot R},
title = {Cardiac and respiratory self-gated projection reconstruction cine imaging.},
crossref = {rsna:03},
pages = {591},
}

@article{Larson2004,
author = {Larson, Andrew C. and White, Richard D. and Laub, Gerhard and McVeigh, Elliot R. and Li, Debiao and Simonetti, Orlando P.},
journal = {Magnetic Resonance in Medicine},
keywords = {CMRI,Cardiac,Cine,Gating,Triggering},
number = {1},
pages = {93--102},
title = {{Self-Gated Cardiac Cine MRI}},
volume = {51},
year = {2004}
}

@article{Nayak2004,
author = {Nayak, Krishna S. and Cunningham, Charles H. and Santos, Juan M. and Pauly, John M.},
journal = {Magnetic Resonance in Medicine},
keywords = {Cardiac imaging,High field,Real-time MRI,Spectral-spatial excitation,Spirals},
number = {4},
pages = {655--660},
title = {{Real-Time Cardiac MRI at 3 Tesla}},
volume = {51},
year = {2004}
}


@article{Pennell2004,
author = {Pennell, Dudley J. and Sechtem, Udo P. and Higgins, Charles B. and Manning, Warren J. and Pohost, Gerald M. and Rademakers, Frank E. and {Van Rossum}, Albert C. and Shaw, Leslee J. and Yucel, E. Kent},
journal = {European Heart Journal},
number = {21},
pages = {1940--1965},
title = {{Clinical indications for cardiovascular magnetic resonance (CMR): Consensus Panel report}},
volume = {25},
year = {2004}
}

@article{Peters2004,
author = {Peters, Dana C. and Ennis, Daniel Bruce and Rohatgi, Pratik and Syed, Mushabbar A. and McVeigh, Elliot R. and Arai, Andrew E.},
journal = {Journal of Magnetic Resonance Imaging},
number = {3},
pages = {411--416},
title = {{3D breath-held cardiac function with projection reconstruction in steady state free precession validated using 2D cine MRI}},
volume = {20},
year = {2004}
}

@book{Bernstein2004,
	title        = {{Handbook of MRI Pulse Sequences}},
	author       = {Bernstein, Matt A and King, Kevin F and Zhou, Xiaohong Joe},
	year         = 2004,
	month        = sep,
	publisher    = {Elsevier}
}

@article{Pritchett2005,
author = {Pritchett, Allison M. and Mahoney, Douglas W. and Jacobsen, Steven J. and Rodeheffer, Richard J. and Karon, Barry L. and Redfield, Margaret M.},
journal = {Journal of the American College of Cardiology},
number = {1},
pages = {87--92},
title = {{Diastolic dysfunction and left atrial volume: A population-based study}},
volume = {45},
year = {2005}
}


@article{Larson2005,
author = {Larson, Andrew C. and Kellman, Peter and Arai, Andrew and Hirsch, Glenn A. and McVeigh, Elliot and Li, Debiao and Simonetti, Orlando P.},
journal = {Magnetic Resonance in Medicine},
number = {1},
pages = {159--168},
title = {{Preliminary investigation of respiratory self-gating for free-breathing segmented cine MRI}},
volume = {53},
year = {2005}
}

@article{Paelinck2005,
author = {Paelinck, Bernard P. and {De Roos}, Albert and Bax, Jeroen J. and Bosmans, Johan M. and {Van Der Geest}, Rob J. and Dhondt, Dominique and Parizel, Paul M. and Vrints, Christiaan J. and Lamb, Hildo J.},
journal = {Journal of the American College of Cardiology},
number = {7},
pages = {1109--1116},
title = {{Feasibility of tissue magnetic resonance imaging: A pilot study in comparison with tissue Doppler imaging and invasive measurement}},
volume = {45},
year = {2005}
}

@article{Bieri2005a,
author = {Bieri, Oliver and Markl, Michael and Scheffler, Klaus},
journal = {Magnetic Resonance in Medicine},
number = {1},
pages = {129--137},
pmid = {15968648},
title = {{Analysis and compensation of eddy currents in balanced SSFP}},
volume = {54},
year = {2005}
}

@article{Bieri2005b,
author = {Bieri, Oliver and Scheffler, Klaus},
journal = {Magnetic Resonance in Medicine},
number = {4},
pages = {901--907},
title = {{Flow compensation in balanced SSFP sequences}},
volume = {54},
year = {2005}
}

@article{Markl2005,
author = {Markl, Michael and Leupold, Jochen and Bieri, Oliver and Scheffler, Klaus and Hennig, J{\"u}rgen},
doi = {10.1002/mrm.20615},
file = {:Users/alefyr/Library/Application Support/Mendeley Desktop/Downloaded/Markl et al. - 2005 - Double Average Parallel Steady-State Free Precession Imaging Optimized Eddy Current and Transient Oscillation Com.pdf:pdf},
journal = {Magnetic Resonance in Medicine},
keywords = {balanced ffe,balanced ssfp,balanced steady-state free precession,eddy currents,fiesta,imaging,is widely used in,k -space trajectory,off-,resonance effects,ssfp,steady state,the,truefisp},
pages = {965--974},
title = {{Double Average Parallel Steady-State Free Precession Imaging : Optimized Eddy Current and Transient Oscillation Compensation}},
volume = {974},
year = {2005}
}

@article{Stein2006,
author = {Stein, Paul D and Fowler, Sarah E and Goodman, Lawrence R and Gottschalk, Alexander and Hales, Charles A and Hull, Russell D and Leeper, Kenneth V. Jr.},
journal = {The New England Journal Of Medicine},
number = {22},
pages = {2317--2327},
title = {{Multidetector Computed Tomography for Acute Pulmonary Embolism}},
volume = {354},
year = {2006}
}

@article{Nielles-Vallespin2007,
author = {Nielles-Vallespin, S{\`{o}}nia and Weber, Marc Andr{\'{e}} and Bock, Michael and Bongers, Andr{\'{e}} and Speier, Peter and Combs, Stephanie E. and W{\"{o}}hrle, Johannes and Lehmann-Horn, Frank and Essig, Marco and Schad, Lothar R.},
journal = {Magnetic Resonance in Medicine},
number = {1},
pages = {74--81},
title = {{3D radial projection technique with ultrashort echo times for sodium MRI: Clinical applications in human brain and skeletal muscle}},
volume = {57},
year = {2007}
}


@article{Berestovskii2007,
author = {Berestovskiĭ, V. N. and Nikonorov, Yu. G.},
isbn = {1055134407040},
issn = {1055-1344},
journal = {Siberian Advances in Mathematics},
number = {4},
pages = {268--290},
title = {{Continued fractions, the group GL(2, $\mathbb{Z})$, and Pisot numbers}},
volume = {17},
year = {2007}
}

@article{Winkelmann2007,
author = {Winkelmann, Stefanie and Schaeffter, Tobias and Koehler, Thomas and Eggers, Holger and Doessel, Olaf},
journal = {IEEE Transactions on Medical Imaging},
number = {1},
pages = {68--76},
title = {{An optimal radial profile order based on the golden ratio for time-resolved MRI}},
volume = {26},
year = {2007}
}

@article{Lustig2007,
author = {Lustig, Michael and Donoho, David L and Pauly, John M},
journal = {Magnetic Resonance in Medicine},
number = {6},
pages = {1182--1195},
pmid = {17969013},
title = {{Sparse MRI: The application of compressed sensing for rapid MR imaging}},
volume = {58},
year = {2007}
}

@article{Seiberlich2007,
author = {Seiberlich, Nicole and Breuer, Felix A. and Blaimer, Martin and Barkauskas, Kestutis and Jakob, Peter M. and Griswold, Mark A.},
journal = {Magnetic Resonance in Medicine},
number = {6},
pages = {1257--1265},
title = {{Non-Cartesian data reconstruction using GRAPPA operator gridding (GROG)}},
volume = {58},
year = {2007}
}

@article{Seiberlich2008,
author = {Seiberlich, Nicole and Breuer, Felix and Blaimer, Martin and Jakob, Peter and Griswold, Mark},
journal = {Magnetic Resonance in Medicine},
number = {4},
pages = {930--935},
title = {{Self-calibrating GRAPPA operator gridding for radial and spiral trajectories}},
volume = {59},
year = {2008}
}

@article{Buehrer2008,
author = {Buehrer, Martin and Curcic, Jelena and Boesiger, Peter and Kozerke, Sebastian},
journal = {Magnetic Resonance in Medicine},
number = {3},
pages = {683--690},
title = {{Prospective self-gating for simultaneous compensation of cardiac and respiratory motion}},
volume = {60},
year = {2008}
}

@article{Hanson2008,
author = {Hanson, Lars G.},
journal = {Concepts in Magnetic Resonance Part A},
number = {5},
pages = {329--340},
pmid = {15342799},
title = {{Is quantum mechanics necessary for understanding magnetic resonance?}},
volume = {32A},
year = {2008}
}

@article{Lin2008,
author = {Lin, Wei and Guo, Junyu and Rosen, Mark A. and Hee, Kwon Song},
journal = {Magnetic Resonance in Medicine},
number = {5},
pages = {1135--1146},
title = {{Respiratory motion-compensated radial dynamic contrast-enhanced (DCE)-MRI of chest and abdominal lesions}},
volume = {60},
year = {2008}
}

@article{Baumgartner2009,
author = {Baumgartner, Helmut and Hung, Judy and Bermejo, Javier and Chambers, John B. and Evangelista, Arturo and Griffin, Brian P. and Iung, Bernard and Otto, Catherine M. and Pellikka, Patricia A. and Qui{\~{n}}ones, Miguel},
journal = {Journal of the American Society of Echocardiography},
number = {1},
pages = {1--23},
title = {{Echocardiographic Assessment of Valve Stenosis: EAE/ASE Recommendations for Clinical Practice}},
volume = {22},
year = {2009}
}

@article{Chan2009,
author = {Chan, Rachel W. and Ramsay, Elizabeth A. and Cunningham, Charles H. and Plewes, Donald B.},
journal = {Magnetic Resonance in Medicine},
number = {2},
pages = {354--363},
title = {{Temporal stability of adaptive 3D radial MRI using multidimensional golden means}},
volume = {61},
year = {2009}
}

@article{Brodsky2009,
author = {Brodsky, Ehan K. and Samsonov, Alexey A. and Block, Walter F.},
journal = {Magnetic Resonance in Medicine},
number = {6},
pages = {1466--1476},
title = {{Characterizing and Correcting Gradient Errors in Non-Cartesian Imaging: Are Gradient Errors Linear Time-Invariant (LTI)?}},
volume = {1476},
year = {2009}
}

@article{Lagerstrand2009,
author = {Lagerstrand, K. M. and Plewes, D. B. and Vikhoff-Baaz, B. and Forssell-Aronsson, E.},
journal = {Magnetic Resonance in Medicine},
number = {4},
pages = {893--898},
title = {{Flow-induced disturbances In balanced steady-state free precession images: Means to reduce or exploit them}},
volume = {61},
year = {2009}
}

@article{Kellman2009,
author = {Kellman, Peter and Chefd'hotel, Christophe and Lorenz, Christine H. and Mancini, Christine and Arai, Andrew E. and McVeigh, Elliot R.},
journal = {Magnetic Resonance in Medicine},
number = {6},
pages = {1557--1564},
title = {{High spatial and temporal resolution cardiac cine MRI from retrospective reconstruction of data acquired in real time using motion correction and resorting}},
volume = {62},
year = {2009}
}

@article{Prieto2010,
author = {Prieto, Claudia and Uribe, Sergio and Razavi, Reza and Atkinson, David and Schaeffter, Tobias},
journal = {Magnetic Resonance in Medicine},
number = {2},
pages = {514--526},
title = {{3D undersampled golden-radial phase encoding for DCE-MRA using inherently regularized iterative SENSE}},
volume = {64},
year = {2010}
}

@article{Stein2010,
author = {Stein, Paul D and Chenevert, Thomas L and Fowler, Sarah E and Lawrence, R and Gottschalk, Alexander and Hales, Charles A and Hull, Russell D and Jablonski, Kathleen A and Jr, Kenneth V Leeper and Naidich, David P and Sak, J and Sostman, H Dirk and Tapson, Victor F and Weg, John G and Pamela, K},
journal = {Annals of Internal Medicine},
number = {7},
pages = {434--443},
title = {{Gadolinium-Enhanced Magnetic Resonance Angiography for Pulmonary Embolism}},
volume = {152},
year = {2010}
}

@article{Heiberg2010,
title = {{Design and validation of Segment - freely available software for cardiovascular image analysis}},
author = {Heiberg, Einar and Carlsson, Marcus and Arheden, H{\aa}kan and Ugander, Martin and Sj{\"{o}}gren, Jane and Engblom, Henrik},
journal = {BMC Medical Imaging},
number = {1},
pages = {1--13},
volume = {10},
year = {2010}
}

@article{Lustig2010,
author = {Lustig, Michael and Pauly, John M.},
journal = {Magnetic Resonance in Medicine},
number = {2},
pages = {457--71},
title = {{SPIRiT: Iterative self-consistent parallel imaging reconstruction from arbitrary k-space.}},
volume = {64},
year = {2010}
}

@article{Bounameaux2010,
author = {Bounameaux, Henri and Perrier, Arnaud and Righini, Marc},
journal = {Vascular Medicine},
number = {5},
pages = {399--406},
title = {{Diagnosis of venous thromboembolism: An update}},
volume = {15},
year = {2010}
}

@article{Stein2011,
author = {Stein, Paul D and Chenevert, Thomas L and Fowler, Sarah E and Lawrence, R and Gottschalk, Alexander and Hales, Charles A and Hull, Russell D and Jablonski, Kathleen A and Jr, Kenneth V Leeper and Naidich, David P and Sak, J and Sostman, H Dirk and Tapson, Victor F and Weg, John G and Pamela, K},
journal = {Annals of Internal Medicine},
number = {7},
pages = {434--443},
title = {{Gadolinium-Enhanced Magnetic Resonance Angiography for Pulmonary Embolism}},
volume = {152},
year = {2010}
}

@article{Rosca2011,
author = {Roşca, Daniela and Plonka, Gerlind},
journal = {Journal of Computational and Applied Mathematics},
number = {6},
pages = {1033--1041},
title = {{Uniform spherical grids via equal area projection from the cube to the sphere}},
volume = {236},
year = {2011}
}

@article{Santelli2011,
author = {Santelli, Claudio and Nezafat, Reza and Goddu, Beth and Manning, Warren J. and Smink, Jouke and Kozerke, Sebastian and Peters, Dana C.},
journal = {Magnetic Resonance In Medicine},
number = {4},
pages = {1097--1102},
title = {{Respiratory bellows revisited for motion compensation: preliminary experience for cardiovascular MR.}},
volume = {65},
year = {2011}
}

@article{Piccini2011,
author = {Piccini, Davide and Littmann, Arne and Nielles-Vallespin, Sonia and Zenge, Michael O.},
journal = {Magnetic Resonance in Medicine},
number = {4},
pages = {1049--1056},
title = {{Spiral phyllotaxis: The natural way to construct a 3D radial trajectory in MRI}},
volume = {66},
year = {2011}
}

@inproceedings{Block2011:ISMRM,
  author =       {Block, Kai Tobias and Uecker, Martin},
  title =        {Simple Method for Adaptive Gradient-Delay Compensation in Radial MRI},
  crossref =     {ismrm:11},
  pages =        {2816},
}

@article{Seiberlich2011,
author = {Seiberlich, Nicole and Ehses, Philipp and Duerk, Jeff and Gilkeson, Robert and Griswold, Mark},
journal = {Magnetic Resonance in Medicine},
number = {2},
pages = {492--505},
title = {{Improved radial GRAPPA calibration for real-time free-breathing cardiac imaging}},
volume = {65},
year = {2011}
}

@article{Park2011,
author = {Park, Jae-Hyeong and Marwick, Thomas H.},
journal = {Journal of Cardiovascular Ultrasound},
number = {4},
pages = {169},
title = {{Use and Limitations of E/e' to Assess Left Ventricular Filling Pressure by Echocardiography}},
volume = {19},
year = {2011}
}

@article{Kim2011,
author = {Kim, Yoon Chul and Narayanan, Shrikanth S. and Nayak, Krishna S.},
journal = {Magnetic Resonance in Medicine},
number = {5},
pages = {1365--1371},
title = {{Flexible retrospective selection of temporal resolution in real-time speech MRI using a golden-ratio spiral view order}},
volume = {65},
year = {2011}
}

@article{Aduen2011,
author = {Aduen, Javier F. and Castello, Ramon and Daniels, John T. and Diaz, Jesus A. and Safford, Robert E. and Heckman, Michael G. and Crook, Julia E. and Burger, Charles D.},
journal = {Chest},
number = {2},
pages = {347--352},
title = {{Accuracy and precision of three echocardiographic methods for estimating mean pulmonary artery pressure}},
volume = {139},
year = {2011}
}

@article{Caudron2011,
author = {Caudron, Jerome and Fares, Jeanette and Bauer, Fabrice and Dacher, Jean-Nicolas},
journal = {RadioGraphics},
number = {1},
pages = {239--261},
title = {{Evaluation of Left Ventricular Diastolic Function with Cardiac MR Imaging}},
volume = {31},
year = {2011}
}

@article{Hansen2012,
author = {Hansen, Michael S. and S{\o}rensen, Thomas S. and Arai, Andrew E. and Kellman, Peter},
journal = {Magnetic Resonance in Medicine},
number = {3},
pages = {741--750},
title = {{Retrospective reconstruction of high temporal resolution cine images from real-time MRI using iterative motion correction}},
volume = {68},
year = {2012}
}


@article{Lin2012,
author = {Lin, Hung-Yu and Bender, Jacob A. and Ding, Yu and Chung, Yiu-Cho and Hinton, Alice M. and Pennell, Michael L. and Whitehead, Kevin K. and Raman, Subha V. and Simonetti, Orlando P.},
journal = {Magnetic Resonance in Medicine},
number = {3},
pages = {703--710},
title = {{Shared velocity encoding: A method to improve the temporal resolution of phase-contrast velocity measurements}},
volume = {68},
year = {2012}
}

@article{Goldhaber2012,
author = {Goldhaber, Samuel Z and Bounameaux, Henri},
journal = {The Lancet},
number = {9828},
pages = {1835--1846},
publisher = {Elsevier Ltd},
title = {{Pulmonary embolism and deep vein thrombosis}},
volume = {379},
year = {2012}
}

@article{Kalb2012,
author = {Kalb, Bobby and Sharma, Puneet and Tigges, Stefan and Ray, Gaye L and Kitajima, Hiroumi D and Costello, James R and Chen, Zhengjia and Martin, Diego R},
journal = {Radiology},
number = {1},
pages = {271--278},
title = {{MR imaging of pulmonary embolism: diagnostic accuracy of contrast-enhanced 3D MR pulmonary angiography, contrast-enhanced low-flip angle 3D GRE, and nonenhanced free-induction FISP sequences.}},
volume = {263},
year = {2012}
}


@article{Chan2012,
author = {Chan, Rachel W. and Ramsay, Elizabeth A. and Cheung, Edward Y. and Plewes, Donald B.},
journal = {Magnetic Resonance in Medicine},
keywords = {compressed sensing,fast imaging,golden-angle,radial k-space sampling},
number = {2},
pages = {363--377},
title = {{The influence of radial undersampling schemes on compressed sensing reconstruction in breast MRI}},
volume = {67},
year = {2012}
}

@article{Addy2012,
author = {Addy, Nii Okai and Wu, Holden H. and Nishimura, Dwight G.},
journal = {Magnetic Resonance in Medicine},
keywords = {Fast MRI,Gradient characterization,Gradient delays,Non-Cartesian imaging,k-space trajectory},
number = {1},
pages = {120--129},
title = {{Simple method for MR gradient system characterization and k-space trajectory estimation}},
volume = {68},
year = {2012}
}

@article{Uecker2012,
author = {Uecker, Martin and Zhang, Shuo and Voit, Dirk and Merboldt, Klaus Dietmar and Frahm, Jens},
journal = {Imaging in Medicine},
number = {4},
pages = {461--476},
title = {{Real-time MRI: Recent advances using radial FLASH}},
volume = {4},
year = {2012}
}

@article{Ehses2013,
author = {Ehses, Philipp and Seiberlich, Nicole and Ma, Dan and Breuer, Felix A. and Jakob, Peter M. and Griswold, Mark A. and Gulani, Vikas},
journal = {Magnetic Resonance in Medicine},
number = {1},
pages = {71--81},
title = {{IR TrueFISP with a golden-ratio-based radial readout: Fast quantification of T1, T2, and proton density}},
volume = {69},
year = {2013}
}

@article{Revel2013,
author = {Revel, Marie Pierre and Sanchez, Olivier and Lefort, Catherine and Meyer, Guy and Couchon, Sophie and Hernigou, Anne and Niarra, Ralph and Chatellier, Gilles and Frija, Guy},
journal = {European Radiology},
number = {9},
pages = {2374--2382},
title = {{Diagnostic accuracy of unenhanced, contrast-enhanced perfusion and angiographic MRI sequences for pulmonary embolism diagnosis: Results of independent sequence readings}},
volume = {23},
year = {2013}
}

@techreport{WHO2013,
  author = {WHO},
  title  = {Global Action Plan for the Prevention and Control of NCDs 2013-2020},
  year   = {2013},
  institution = {World Health Organisation},
}

@article{Vannesjo2013,
author = {Vannesjo, Signe J and Haeberlin, Maximilan and Kasper, Lars and Pavan, Matteo and Wilm, Bertram J and Barmet, Christoph and Pruessmann, Klaas P},
journal = {Magnetic Resonance in Medicine},
pages = {583--593},
title = {{Gradient System Characterization by Impulse Response Measurements with a Dynamic Field Camera}},
volume = {593},
year = {2013}
}

@article{Xue2013,
author = {Xue, Hui and Kellman, Peter and Larocca, Gina and Arai, Andrew E. and Hansen, Michael S.},
journal = {Journal of Cardiovascular Magnetic Resonance},
number = {1},
pages = {1--15},
title = {{High spatial and temporal resolution retrospective cine cardiovascular magnetic resonance from shortened free breathing real-time acquisitions}},
volume = {15},
year = {2013}
}

@article{Reiter2013,
author = {Reiter, Ursula and Reiter, Gert and Kovacs, Gabor and Stalder, Aurelien F and Gulsun, Mehmet A and Greiser, Andreas and Olschewski, Horst and Fuchsja, Michael},
journal = {PLoS ONE},
number = {12},
pages = {1--9},
title = {{Evaluation of Elevated Mean Pulmonary Arterial Pressure Based on Magnetic Resonance 4D Velocity Mapping : Comparison of Visualization Techniques}},
volume = {8},
year = {2013}
}


@article{Kramer2013,
author = {Kramer, Christopher M and Barkhausen, J{\"{o}}rg and Flamm, Scott D and Kim, Raymond J and Nagel, Eike},
journal = {Journal of Cardiovascular Magnetic Resonance},
number = {1},
pages = {1--10},
title = {{Standardized cardiovascular magnetic resonance (CMR) protocols 2013 update}},
volume = {15},
year = {2013}
}

@article{Bieri2013,
author = {Bieri, Oliver and Scheffler, Klaus},
journal = {Journal of Magnetic Resonance Imaging},
number = {1},
pages = {2--11},
title = {{Fundamentals of balanced steady state free precession MRI}},
volume = {38},
year = {2013}
}

@article{Hansen2013,
author = {Hansen, Michael Schacht and S{\o}rensen, Thomas Sangild},
journal = {Magnetic Resonance in Medicine},
keywords = {GPU,image reconstruction,open source},
number = {6},
pages = {1768--1776},
title = {{Gadgetron: An open source framework for medical image reconstruction}},
volume = {69},
year = {2013}
}

@inproceedings{Zou2013:ISMRM,
author = {Zou, Yunpeng and Middione, Matthew J. and Srinivasan, Subashini and Ennis, Daniel B.},
pages = {4436},
title = {{Analysis of Gradient Spoiling in Phase Contrast MRI}},
crossref = {ismrm:13}
}

@article{Kanal2013,
author = {Kanal, Emanuel and Barkovich, A. James and Bell, Charlotte and Borgstede, James P. and Bradley, William G. and Froelich, Jerry W. and Gimbel, J. Rod and Gosbee, John W. and Kuhni-Kaminski, Ellisa and Larson, Paul A. and Lester, James W. and Nyenhuis, John and Schaefer, Daniel Joe and Sebek, Elizabeth A. and Weinreb, Jeffrey and Wilkoff, Bruce L. and Woods, Terry O. and Lucey, Leonard and Hernandez, Dina},
journal = {Journal of Magnetic Resonance Imaging},
number = {3},
pages = {501--530},
title = {{ACR guidance document on MR safe practices: 2013}},
volume = {37},
year = {2013}
}

@article{WMA2013,
author = {{World Medical Association}},
journal = {Journal of the American Medical Association},
number = {20},
pages = {2191--2194},
title = {{Declaration of Helsinki}},
volume = {310},
year = {2013}
}

@article{Feng2013,
author = {Feng, Li and Srichai, Monvadi B. and Lim, Ruth P. and Harrison, Alexis and King, Wilson and Adluru, Ganesh and Dibella, Edward V.R. and Sodickson, Daniel K. and Otazo, Ricardo and Kim, Daniel},
journal = {Magnetic Resonance in Medicine},
number = {1},
pages = {64--74},
title = {{Highly accelerated real-time cardiac cine MRI using k-t SPARSE-SENSE}},
volume = {70},
year = {2013}
}


@article{Wright2014,
author = {Wright, Katherine L. and Hamilton, Jesse I. and Griswold, Mark a. and Gulani, Vikas and Seiberlich, Nicole},
journal = {Journal of Magnetic Resonance Imaging},
title = {{Non-Cartesian parallel imaging reconstruction}},
volume = {1040},
year = {2014}
}

@article{Shah2014,
author = {Shah, Amil M. and Shah, Sanjiv J. and Anand, Inder S. and Sweitzer, Nancy K. and O'Meara, Eileen and Heitner, John F. and Sopko, George and Li, Guichu and Assmann, Susan F. and McKinlay, Sonja M. and Pitt, Bertram and Pfeffer, Marc A. and Solomon, Scott D.},
journal = {Circulation: Heart Failure},
number = {1},
pages = {104--115},
title = {{Cardiac structure and function in heart failure with preserved ejection fraction: Baseline findings from the echocardiographic study of the treatment of preserved cardiac function heart failure with an aldosterone antagonist trial}},
volume = {7},
year = {2014}
}

@article{Kramer2014,
author = {Kr{\"{a}}mer, Martin and Herrmann, Karl Heinz and Biermann, Judith and Reichenbach, Jurgen R.},
journal = {Journal of Magnetic Resonance Imaging},
number = {2},
pages = {413--422},
title = {{Retrospective reconstruction of cardiac cine images from golden-ratio radial MRI using one-dimensional navigators}},
volume = {40},
year = {2014}
}

@article{Witschey2014,
author = {Witschey, Walter R T and Contijoch, Francisco and Mcgarvey, Jeremy R and Aoki, Chikashi and Chirinos, Julio A and Yushkevich, Paul A},
journal = {Ann Thorac Surg.},
number = {5},
pages = {1597--1603},
title = {{A Real-Time Magnetic Resonance Imaging Technique for Determining Left Ventricle Pressure-Volume Loops}},
volume = {97},
year = {2014}
}

@article{Sharif2014,
author = {Sharif, Behzad and Dharmakumar, Rohan and Arsanjani, Reza and Thomson, Louise and Merz, C. Noel Bairey and Berman, Daniel S. and Li, Debiao},
journal = {Magnetic Resonance in Medicine},
number = {6},
pages = {1620--1628},
title = {{Non-ECG-gated myocardial perfusion MRI using continuous magnetization-driven radial sampling}},
volume = {72},
year = {2014}
}

@article{Feng2014,
author = {Feng, Li and Grimm, Robert and Block, Kai Tobias and Chandarana, Hersh and Kim, Sungheon and Xu, Jian and Axel, Leon and Sodickson, Daniel K. and Otazo, Ricardo},
journal = {Magnetic Resonance in Medicine},
number = {3},
pages = {707--717},
title = {{Golden-angle radial sparse parallel MRI: Combination of compressed sensing, parallel imaging, and golden-angle radial sampling for fast and flexible dynamic volumetric MRI}},
volume = {72},
year = {2014}
}

@inproceedings{Knoll2014:ISMRM,
author = {Knoll, Florian and Schwarzl, Andreas and Diwoky, Clemens and Sodickson, Daniel K},
pages = {4297},
title = {{gpuNUFFT - An open source GPU library for 3D regridding with direct Matlab interface}},
crossref = {ismrm:14}
}

@article{Srinivasan2014,
author = {Srinivasan, Subashini and Ennis, Daniel Bruce},
journal = {Magnetic Resonance in Medicine},
number = {3},
pages = {1035--1043},
title = {{Variable flip angle balanced steady-state free precession for lower SAR or higher contrast cardiac cine imaging}},
volume = {71},
year = {2014}
}

@article{Block2014,
author = {Block, Kai Tobias and Chandarana, Hersh and Milla, Sarah and Bruno, Mary and Mulholland, Tom and Fatterpekar, Girish and Hagiwara, Mari and Grimm, Robert and Geppert, Christian and Kiefer, Berthold and Sodickson, Daniel K},
journal = {Journal of the Korean Society of Magnetic Resonance in Medicine},
number = {2},
pages = {87--106},
title = {{Towards routine clinical use of radial stack-of-stars 3D gradient-echo sequences for reducing motion sensitivity}},
volume = {18},
year = {2014},
}

@article{Pang2014,
author = {Pang, Jianing and Sharif, Behzad and Fan, Zhaoyang and Bi, Xiaoming and Arsanjani, Reza and Berman, Daniel S. and Li, Debiao},
journal = {Magnetic Resonance in Medicine},
number = {5},
pages = {1208--1217},
title = {{ECG and navigator-free four-dimensional whole-heart coronary MRA for simultaneous visualization of cardiac anatomy and function}},
volume = {72},
year = {2014}
}

@article{Seo2014,
author = {Seo, Hyunseok and Choi, Joonsung and Oh, Changheun and Han, Yeji and Park, Hyunwook},
journal = {Physics in Medicine and Biology},
number = {20},
pages = {6289--6303},
title = {{Isotropic diffusion weighting for measurement of a high-resolution apparent diffusion coefficient map using a single radial scan in MRI}},
volume = {59},
year = {2014}
}

@article{Tran-Gia2015,
author = {Tran-Gia, Johannes and Wech, Tobias and Bley, Thorsten and K{\"{o}}stler, Herbert},
journal = {PLoS ONE},
number = {4},
pages = {1--15},
title = {{Model-based acceleration of Look-Locker T1 mapping}},
volume = {10},
year = {2015}
}


@article{Flachskampf2015,
author = {Flachskampf, Frank A. and Biering-S{\o}rensen, Tor and Solomon, Scott D. and Duvernoy, Olov and Bjerner, Tomas and Smiseth, Otto A.},
journal = {JACC: Cardiovascular Imaging},
number = {9},
pages = {1071--1093},
title = {{Cardiac Imaging to Evaluate Left Ventricular Diastolic Function}},
volume = {8},
year = {2015}
}

@article{Srinivasan2015,
author = {Srinivasan, Subashini and Ennis, Daniel Bruce},
journal = {Magnetic Resonance in Medicine},
number = {3},
pages = {1095--1103},
title = {{Optimal flip angle for high contrast balanced SSFP cardiac cine imaging}},
volume = {73},
year = {2015}
}

@article{Feng2015,
author = {Feng, Li and Axel, Leon and Chandarana, Hersh and Block, Kai Tobias and Sodickson, Daniel K. and Otazo, Ricardo},
journal = {Magnetic Resonance in Medicine},
keywords = {angle,compressed sensing,free-breathing,golden-,motion compensation,radial sampling},
pages = {775--788},
title = {{XD-GRASP: Golden-angle radial MRI with reconstruction of extra motion-state dimensions using compressed sensing}},
volume = {75},
year = {2015}
}

@article{Nayak2015,
author = {Nayak, Krishna S. and Nielsen, Jon Fredrik and Bernstein, Matt A. and Markl, Michael and Gatehouse, Peter D. and Botnar, Rene M. and Saloner, David and Lorenz, Christine and Wen, Han and Hu, Bob S. and Epstein, Frederick H. and Oshinski, John N. and Raman, Subha V.},
journal = {Journal of Cardiovascular Magnetic Resonance},
number = {1},
pages = {1--26},
title = {{Cardiovascular magnetic resonance phase contrast imaging}},
volume = {17},
year = {2015}
}

@article{Kramer2015,
author = {Kr{\"{a}}mer, M and Biermann, J and Reichenbach, J R},
journal = {Magnetic Resonance Imaging},
number = {4},
pages = {491--496},
publisher = {Elsevier Inc.},
title = {{Intrinsic correction of system delays for radial magnetic resonance imaging}},
volume = {33},
year = {2015}
}

@article{Xue2015,
author = {Xue, Hui and Inati, Souheil and S{\o}rensen, Thomas Sangild and Kellman, Peter and Hansen, Michael S.},
journal = {Magnetic Resonance in Medicine},
number = {3},
pages = {1015--1025},
title = {{Distributed MRI reconstruction using Gadgetron-based cloud computing}},
volume = {73},
year = {2015}
}

@inproceedings{Uecker2015:ISMRM,
author = {Uecker, Martin and Tamir, Jonathan I and Bahri, D and Virtue, P and Cheng, J and Zhang, T and Lustig, Michael},
pages = {2486},
title = {{Berkeley advanced reconstruction toolbox}},
crossref = {ismrm:15},
}

@article{Coppo2015,
author = {Coppo, Simone and Piccini, Davide and Bonanno, Gabriele and Chaptinel, J{\'{e}}r{\^{o}}me and Vincenti, Gabriella and Feliciano, Helene and {Van Heeswijk}, Ruud B. and Schwitter, Juerg and Stuber, Matthias},
journal = {Magnetic Resonance in Medicine},
number = {5},
pages = {1306--1316},
title = {{Free-running 4D whole-heart self-navigated golden angle MRI: Initial results}},
volume = {74},
year = {2015}
}

@article{Wundrak2015,
author = {Wundrak, Stefan and Paul, Jan and Ulrici, Johannes and Hell, Erich and Rasche, Volker},
journal = {IEEE Transactions on Medical Imaging},
number = {6},
pages = {1262--1269},
pmid = {25532172},
title = {{A small surrogate for the golden angle in time-resolved radial MRI based on generalized fibonacci sequences}},
volume = {34},
year = {2015}
}

@article{Paul2015,
author = {Paul, Jan and Divkovic, Evica and Wundrak, Stefan and Bernhardt, Peter and Rottbauer, Wolfgang and Neumann, Heiko and Rasche, Volker},
journal = {Magnetic Resonance in Medicine},
number = {1},
pages = {292--298},
title = {{High-resolution respiratory self-gated golden angle cardiac MRI: Comparison of self-gating Methods in combination with k-T SPARSE SENSE}},
volume = {73},
year = {2015}
}

@article{Trotier2015,
author = {Trotier, Aurelien J. and Lefran{\c{c}}ois, William and Ribot, Emeline J. and Thiaudiere, Eric and Franconi, Jean Michel and Miraux, Sylvain},
journal = {Magnetic Resonance in Medicine},
number = {3},
pages = {984--994},
title = {{Time-resolved TOF MR angiography in mice using a prospective 3D radial double golden angle approach}},
volume = {73},
year = {2015}
}

@article{Ponikowski2016,
author = {Ponikowski, Piotr and Voors, Adriaan A. and Anker, Stefan D. and Bueno, H{\'{e}}ctor and Cleland, John G.F. and Coats, Andrew J.S. and Falk, Volkmar and Gonz{\'{a}}lez-Juanatey, Jos{\'{e}} Ram{\'{o}}n and Harjola, Veli Pekka and Jankowska, Ewa A. and Jessup, Mariell and Linde, Cecilia and Nihoyannopoulos, Petros and Parissis, John T. and Pieske, Burkert and Riley, Jillian P. and Rosano, Giuseppe M.C. and Ruilope, Luis M. and Ruschitzka, Frank and Rutten, Frans H. and {Van Der Meer}, Peter and Sisakian, Hamayak S. and Isayev, Elnur and Kurlianskaya, Alena and Mullens, Wilfried and Tokmakova, Mariya and Agathangelou, Petros and Melenovsky, Vojtech and Wiggers, Henrik and Hassanein, Mahmoud and Uuetoa, Tiina and Lommi, Jyri and Kostovska, Elizabeta Srbinovska and Juilliere, Yves and Aladashvili, Alexander and Luchner, Andreas and Chrysohoou, Christina and Nyolczas, Noemi and Thorgeirsson, Gestur and Weinstein, Jean Marc and Lenarda, Andrea Di and Aidargaliyeva, Nazipa and Bajraktari, Gani and Beishenkulov, Medet and Kamzola, Ginta and Abdel-Massih, Tony and Celutkiene, Jelena and Noppe, Stephanie and Cassar, Andrew and Vataman, Eleonora and AbirKhalil, Saadia and van Pol, Petra and Mo, Rune and Straburzynska-Migaj, Ewa and Fonseca, Candida and Chioncel, Ovidiu and Shlyakhto, Evgeny and Zavatta, Marco and Otasevic, Petar and Goncalvesova, Eva and Lainscak, Mitja and Molina, Beatriz Dıaz and Schaufelberger, Maria and Suter, Thomas and Yılmaz, Mehmet Birhan and Voronkov, Leonid and Davies, Ceri},
journal = {European Heart Journal},
pages = {2129--2200},
title = {{2016 ESC Guidelines for the diagnosis and treatment of acute and chronic heart failure}},
volume = {37},
year = {2016}
}


@article{Paul2016,
author = {Paul, Jan and Wundrak, Stefan and Bernhardt, Peter and Rottbauer, Wolfgang and Neumann, Heiko and Rasche, Volker},
journal = {Magnetic Resonance in Medicine},
number = {2},
pages = {789--800},
title = {{Self-gated tissue phase mapping using golden angle radial sparse SENSE}},
volume = {75},
year = {2016}
}

@article{Paul2016b,
author = {Paul, Jan and Wundrak, Stefan and Hombach, Vinzenz and Rottbauer, Wolfgang and Rasche, Volker},
journal = {Journal of Magnetic Resonance Imaging},
number = {5},
pages = {1218--1228},
title = {{On the influence of respiratory motion in radial tissue phase mapping cardiac MRI}},
volume = {44},
year = {2016}
}

@article{Han2016,
author = {Han, Fei and Zhou, Ziwu and Rapacchi, Stanislas and Nguyen, Kim Lien and Finn, J Paul and Hu, Peng},
journal = {Magnetic Resonance in Medicine},
keywords = {RF golden angle radial,cardiac MRI,golden ratio,segmented k-space},
number = {1},
pages = {94--103},
title = {{Segmented golden ratio radial reordering with variable temporal resolution for dynamic cardiac MRI}},
volume = {76},
year = {2016}
}


@book{Hall2016,
address = {Philadelphia, PA},
author = {Hall, John E.},
edition = {13th ed},
isbn = {9781455770052},
publisher = {Elsevier},
title = {{Guyton and Hall Textbook of Medical Physiology}},
year = {2016}
}

@article{Campbell-Washburn2016,
author = {Campbell-Washburn, Adrienne E. and Xue, Hui and Lederman, Robert J. and Faranesh, Anthony Z. and Hansen, Michael S.},
journal = {Magnetic Resonance in Medicine},
number = {6},
pages = {2278--2285},
title = {{Real-time distortion correction of spiral and echo planar images using the gradient system impulse response function}},
volume = {75},
year = {2016}
}

@article{Nagueh2016,
author = {Nagueh, Sherif F. and Smiseth, Otto A. and Appleton, Christopher P. and Byrd, Benjamin F. and Dokainish, Hisham and Edvardsen, Thor and Flachskampf, Frank A. and Gillebert, Thierry C. and Klein, Allan L. and Lancellotti, Patrizio and Marino, Paolo and Oh, Jae K. and {Alexandru Popescu}, Bogdan and Waggoner, Alan D.},
journal = {European Heart Journal – Cardiovascular Imaging},
number = {12},
pages = {1321--1360},
title = {{Recommendations for the Evaluation of Left Ventricular Diastolic Function by Echocardiography: An Update from the American Society of Echocardiography and the European Association of Cardiovascular Imaging}},
volume = {17},
year = {2016}
}

@article{Nyren2017,
author = {Nyr{\'{e}}n, Sven and Nordgren-Rogberg, Anna and Vargas-Paris, Roberto and Bengtsson, Bonnie and Westerlund, Eli and Lindholm, Peter},
journal = {Acta Radiologica},
number = {3},
pages = {272--278},
title = {{Detection of pulmonary embolism using repeated MRI acquisitions without respiratory gating: a preliminary study}},
volume = {58},
year = {2017}
}

@article{Piccini2017,
author = {Piccini, Davide and Feng, Li and Bonanno, Gabriele and Coppo, Simone and Yerly, J{\'{e}}r{\^{o}}me and Lim, Ruth P. and Schwitter, Juerg and Sodickson, Daniel K. and Otazo, Ricardo and Stuber, Matthias},
journal = {Magnetic Resonance in Medicine},
number = {4},
pages = {1473--1484},
title = {{Four-dimensional respiratory motion-resolved whole heart coronary MR angiography}},
volume = {77},
year = {2017}
}

@article{Zhou2017,
author = {Zhou, Ziwu and Han, Fei and Yan, Lirong and Wang, Danny J.J. and Hu, Peng},
journal = {Magnetic Resonance in Medicine},
number = {6},
pages = {2290--2298},
title = {{Golden-ratio rotated stack-of-stars acquisition for improved volumetric MRI}},
volume = {78},
year = {2017}
}

@article{Holst2017,
author = {Holst, Karen and Ugander, Martin and Sigfridsson, Andreas},
journal = {Magnetic Resonance Imaging},
pages = {48--55},
title = {{Left ventricular volume measurements with free breathing respiratory self-gated 3-dimensional golden angle radial whole-heart cine imaging – Feasibility and reproducibility}},
volume = {43},
year = {2017}
}

@article{Layton2017,
author = {Layton, Kelvin J. and Kroboth, Stefan and Jia, Feng and Littin, Sebastian and Yu, Huijun and Leupold, Jochen and Nielsen, Jon Fredrik and St{\"{o}}cker, Tony and Zaitsev, Maxim},
journal = {Magnetic Resonance in Medicine},
number = {4},
pages = {1544--1552},
title = {{Pulseq: A rapid and hardware-independent pulse sequence prototyping framework}},
volume = {77},
year = {2017}
}

@article{Lee2017,
author = {Lee, Hyun Soo and Choi, Seung Hong and Park, Sung Hong},
journal = {Magnetic Resonance in Medicine},
number = {1},
pages = {254--263},
title = {{Single and double acquisition strategies for compensation of artifacts from eddy current and transient oscillation in balanced steady-state free precession}},
volume = {78},
year = {2017}
}

@inproceedings{Skare2017:ISMRM,
author = {Skare, Stefan and Avventi, Enrico and Norbeck, Ola and Ryden, Henric},
pages = {3813},
title = {{An abstraction layer for simpler EPIC pulse programming on GE MR systems in a clinical environment}},
crossref = {ismrm:17}
}

@article{Contijoch2017,
author = {Contijoch, Francisco and Iyer, Srikant Kamesh and Pilla, James J. and Yushkevich, Paul and Gorman, Joseph H. and Gorman, Robert C. and Litt, Harold and Han, Yuchi and Witschey, Walter R.T.},
journal = {Magnetic Resonance in Medicine},
number = {2},
pages = {678--688},
title = {{Self-gated MRI of multiple beat morphologies in the presence of arrhythmias}},
volume = {78},
year = {2017}
}

@article{Seo2017,
author = {Seo, Hyunseok and Kim, Dongchan and Oh, Changheun and Park, Hyun Wook},
journal = {Magnetic Resonance in Medicine},
number = {3},
pages = {1216--1222},
title = {{Self-gated cardiac cine imaging using phase information}},
volume = {77},
year = {2017}
}

@inproceedings{Zhu2018:ISMRM,
author = {Zhu Bo and Liu, Jeremiah and Koonjoo, Jeremiah and Rosen, Bruce R and Rosen, Matthew S},
pages = {438},
title = {{AUTOmated pulse SEQuence generation (AUTOSEQ) using Bayesian reinforcement learning in an MRI physics simulation environment}},
crossref = {ismrm:18}
}


@article{Fyrdahl2018,
author = {Fyrdahl, Alexander and {Vargas Paris}, Roberto and Nyr{\'{e}}n, Sven and Holst, Karen and Ugander, Martin and Lindholm, Peter and Sigfridsson, Andreas},
journal = {Magnetic Resonance in Medicine},
number = {5},
pages = {1847--1856},
title = {{Pulmonary artery imaging under free‐breathing using golden‐angle radial bSSFP MRI: a proof of concept}},
volume = {80},
year = {2018}
}

@article{Kording2018,
author = {Kording, Fabian and Yamamura, Jin and {De Sousa}, Manuela Tavares and Ruprecht, Christian and Hedstr{\"{o}}m, Erik and Aletras, Anthony H. and {Ellen Grant}, P. and Powell, Andrew J. and Fehrs, Kai and Adam, Gerhard and Kooijman, Hendrik and Schoennagel, Bjoern P.},
journal = {Journal of Cardiovascular Magnetic Resonance},
number = {17},
publisher = {Journal of Cardiovascular Magnetic Resonance},
title = {{Dynamic fetal cardiovascular magnetic resonance imaging using Doppler ultrasound gating}},
volume = {20},
year = {2018}
}

@article{Seemann2018,
author = {Seemann, Felicia and Baldassarre, Lauren A. and Llanos-Chea, Fiorella and Gonzales, Ricardo A. and Grunseich, Karl and Hu, Chenxi and Sugeng, Lissa and Meadows, Judith and Heiberg, Einar and Peters, Dana C.},
journal = {Physiological Reports},
number = {17},
pages = {1--11},
title = {{Assessment of diastolic function and atrial remodeling by MRI – validation and correlation with echocardiography and filling pressure}},
volume = {6},
year = {2018}
}

@article{Christodoulou2018,
author = {Christodoulou, Anthony G. and Shaw, Jaime L. and Nguyen, Christopher and Yang, Qi and Xie, Yibin and Wang, Nan and Li, Debiao},
journal = {Nature Biomedical Engineering},
number = {4},
pages = {215--226},
title = {{Magnetic resonance multitasking for motion-resolved quantitative cardiovascular imaging}},
volume = {2},
year = {2018}
}


@article{Koktzoglou2018,
author = {Koktzoglou, Ioannis and Edelman, Robert R.},
journal = {Magnetic Resonance in Medicine},
number = {4},
pages = {2077--2086},
title = {{Radial fast interrupted steady-state (FISS) magnetic resonance imaging}},
volume = {79},
year = {2018}
}

@article{Feng2018,
author = {Feng, Li and Coppo, Simone and Piccini, Davide and Yerly, J{\'{e}}r{\^{o}}me and Lim, Ruth P. and Masci, Pier Giorgio and Stuber, Matthias and Sodickson, Daniel K. and Otazo, Ricardo},
journal = {Magnetic Resonance in Medicine},
number = {2},
pages = {826--838},
pmid = {28497486},
title = {{5D whole-heart sparse MRI}},
volume = {79},
year = {2018}
}

@article{Koktzoglou2018,
author = {Koktzoglou, Ioannis and Edelman, Robert R.},
journal = {Magnetic Resonance in Medicine},
keywords = {FISS,bSSFP,interrupted,radial,steady-state},
number = {4},
pages = {2077--2086},
title = {{Radial fast interrupted steady-state (FISS) magnetic resonance imaging}},
volume = {79},
year = {2018}
}

@article{Holst2018,
author = {Holst, Karen and Ugander, Martin and Sigfridsson, Andreas},
journal = {Magnetic Resonance in Medicine},
number = {5},
pages = {2693--2701},
title = {{Respiratory variation in left ventricular cardiac function with 3D double golden-angle whole-heart cine imaging}},
volume = {79},
year = {2018}
}

@inproceedings{Fyrdahl2018:SCMR,
  author =       {Fyrdahl, Alexander and Ugander, Martin and Sigfridsson, Andreas},
  title =        {Measuring myocardial tissue velocity with single breath hold Golden-Angle radial high temporal resolution phase contrast CMR: A comparison with pulsed wave tissue Doppler echocardiography},
  crossref =     {scmr:18},
  pages =        {342-343},
}

@article{Svedin2018,
author = {Svedin, Bryant T. and Payne, Allison and Bolster, Bradley D. and Parker, Dennis L.},
journal = {Magnetic Resonance in Medicine},
number = {3},
pages = {1407--1419},
title = {{Multiecho pseudo-golden angle stack of stars thermometry with high spatial and temporal resolution using k-space weighted image contrast}},
volume = {79},
year = {2018}
}

@article{Zhu2018,
author = {Zhu, Bo and Liu, Jeremiah Z. and Cauley, Stephen F. and Rosen, Bruce R. and Rosen, Matthew S.},
journal = {Nature},
number = {7697},
pages = {487--492},
publisher = {Nature Publishing Group},
title = {{Image reconstruction by domain-transform manifold learning}},
volume = {555},
year = {2018}
}


@article{Shaw2019,
author = {Shaw, Jaime L. and Yang, Qi and Zhou, Zhengwei and Deng, Zixin and Nguyen, Christopher and Li, Debiao and Christodoulou, Anthony G.},
journal = {Magnetic Resonance in Medicine},
number = {4},
pages = {2450--2463},
title = {{Free-breathing, non-ECG, continuous myocardial T 1 mapping with cardiovascular magnetic resonance multitasking}},
volume = {81},
year = {2019}
}

@article{Seemann2019,
author = {Seemann, Felicia and Heiberg, Einar and Carlsson, Marcus and Gonzales, Ricardo A. and Baldassarre, Lauren A. and Qiu, Maolin and Peters, Dana C.},
journal = {Journal of Magnetic Resonance Imaging},
title = {{Valvular imaging in the era of feature-tracking: A slice-following cardiac MR sequence to measure mitral flow}},
year = {2019}
}


@article{Silbiger2019,
author = {Silbiger, Jeffrey J},
journal = {Journal of the American Society of Echocardiography},
number = {2},
pages = {216--232},
title = {{Pathophysiology and Echocardiographic Diagnosis of Left Ventricular Diastolic Dysfunction}},
volume = {32},
year = {2019}
}

@article{DiSopra2019,
author = {{Di Sopra}, Lorenzo and Piccini, Davide and Coppo, Simone and Stuber, Matthias and Yerly, J{\'{e}}r{\^{o}}me},
journal = {Magnetic Resonance in Medicine},
number = {6},
pages = {2118--2132},
title = {{An automated approach to fully self-gated free-running cardiac and respiratory motion-resolved 5D whole-heart MRI}},
volume = {82},
year = {2019}
}

@article{Bustin2019,
author = {Bustin, Aur{\'{e}}lien and Ginami, Giulia and Cruz, Gast{\~{a}}o and Correia, Teresa and Ismail, Tevfik F. and Rashid, Imran and Neji, Radhouene and Botnar, Ren{\'{e}} M. and Prieto, Claudia},
journal = {Magnetic Resonance in Medicine},
number = {1},
pages = {102--115},
title = {{Five-minute whole-heart coronary MRA with sub-millimeter isotropic resolution, 100{\%} respiratory scan efficiency, and 3D-PROST reconstruction}},
volume = {81},
year = {2019}
}

@article{Holst2019,
author = {Holst, Karen and Fyrdahl, Alexander and Caidahl, Kenneth and Ugander, Martin and Sigfridsson, Andreas},
journal = {MAGMA},
number = {3},
pages = {331--341},
title = {{Projection-based respiratory-resolved left ventricular volume measurements in patients using free-breathing double golden-angle 3D radial acquisition}},
volume = {32},
year = {2019}
}

@article{Pfeffer2019,
author = {Pfeffer, Marc A and Shah, Amil M and Borlaug, Barry A},
journal = {Circulation Research},
number = {11},
pages = {1598--1617},
title = {{Heart Failure With Preserved Ejection Fraction}},
volume = {124},
year = {2019}
}

@article{Nagueh2019,
author = {Nagueh, Sherif F.},
journal = {JACC: Cardiovascular Imaging},
number = {1},
pages = {228--244},
title = {{Left Ventricular Diastolic Function: Understanding Pathophysiology, Diagnosis, and Prognosis With Echocardiography}},
volume = {13},
year = {2019}
}

@article{Bustin2020,
author = {Bustin, Aur{\'{e}}lien and Rashid, Imran and Cruz, Gastao and Hajhosseiny, Reza and Correia, Teresa and Neji, Radhouene and Rajani, Ronak and Ismail, Tevfik F and Botnar, Ren{\'{e}} M and Prieto, Claudia},
journal = {Journal of Cardiovascular Magnetic Resonance},
pages = {1--16},
publisher = {Journal of Cardiovascular Magnetic Resonance},
title = {{3D whole-heart isotropic sub-millimeter resolution coronary magnetic resonance angiography with non-rigid motion-compensated PROST}},
volume = {5},
year = {2020}
}

@article{Fyrdahl2020,
author = {Fyrdahl, Alexander and Ramos, Joao G and Eriksson, Maria J and Caidahl, Kenneth and Ugander, Martin and Sigfridsson, Andreas},
journal = {Magnetic Resonance in Medicine},
number = {4},
pages = {1310--1321},
title = {{Sector-wise golden-angle phase contrast with high temporal resolution for evaluation of left ventricular diastolic dysfunction}},
volume = {83},
year = {2020}
}

@article{Schrauben2020,
author = {Schrauben, Eric M. and Lim, Jessie Mei and Goolaub, Datta Singh and Marini, Davide and Seed, Mike and Macgowan, Christopher K.},
journal = {Magnetic Resonance in Medicine},
number = {2},
pages = {535--548},
title = {{Motion robust respiratory-resolved 3D radial flow MRI and its application in neonatal congenital heart disease}},
volume = {83},
year = {2020}
}

@article{Loktyushin2020,
       author = {{Loktyushin}, Alexander and {Herz}, Kai and {Dang}, Nam and
         {Glang}, Felix and {Deshmane}, Anagha and {Doerfler}, Arnd and
         {Sch{\"o}lkopf}, Bernhard and {Scheffler}, Klaus and {Zaiss}, Moritz},
        title = "{MRzero -- Fully automated invention of MRI sequences using supervised learning}",
      journal = {arXiv e-prints},
         year = 2020,
        month = feb,
          eid = {arXiv:2002.04265},
        pages = {arXiv:2002.04265},
archivePrefix = {arXiv},
       eprint = {2002.04265},
 primaryClass = {physics.med-ph},
 }

@article{Greenberg2020,
author = {Greenberg, Todd D. and Hoff, Michael N. and Gilk, Tobias B. and Jackson, Edward F. and Kanal, Emanuel and McKinney, Alexander M. and Och, Joseph G. and Pedrosa, Ivan and Rampulla, Tina L. and Reeder, Scott B. and Rogg, Jeffrey M. and Shellock, Frank G. and Watson, Robert E. and Weinreb, Jeffrey C. and Hernandez, Dina},
doi = {10.1002/jmri.26880},
journal = {Journal of Magnetic Resonance Imaging},
number = {2},
pages = {331--338},
title = {{ACR guidance document on MR safe practices: Updates and critical information 2019}},
volume = {51},
year = {2020}
}

@article{Ramos2020,
author = {Ramos, Joao G. and Fyrdahl, Alexander and Wieslander, Bj{\"{o}}rn and Reiter, Gert and Reiter, Ursula and Jin, Ning and Maret, Eva and Eriksson, Maria and Caidahl, Kenneth and S{\"{o}}rensson, Peder and Sigfridsson, Andreas and Ugander, Martin},
journal = {BMC Medical Imaging},
number = {1},
pages = {1--9},
title = {{Cardiovascular magnetic resonance 4D flow analysis has a higher diagnostic yield than Doppler echocardiography for detecting increased pulmonary artery pressure}},
volume = {21},
year = {2020}
}

@article{Kramer2020,
author = {Kramer, Christopher M. and Barkhausen, J{\"{o}}rg and Bucciarelli-Ducci, Chiara and Flamm, Scott D. and Kim, Raymond J. and Nagel, Eike},
journal = {Journal of Cardiovascular Magnetic Resonance},
number = {1},
pages = {1--18},
title = {{Standardized cardiovascular magnetic resonance imaging (CMR) protocols: 2020 update}},
volume = {22},
year = {2020}
}


@proceedings{ismrm:94,
  booktitle = "Proceedings of the 2nd Annual Scientific Meeting, International Society for Magnetic Resonance in Medicine",
  venue = {Honolulu, HI},
  year = {1994},
}

@proceedings{ismrm:00,
  booktitle = "Proceedings of the 8th Annual Scientific Meeting, International Society for Magnetic Resonance in Medicine",
  venue = {Denver, CA},
  year = {2000},
}

@proceedings{rsna:03,
 booktitle = "Proceedings of the 89th Scientific Assembly and Annual Meeting, RSNA",  venue = {Chicago, IL},
 year = {2003},
}

@proceedings{ismrm:11,
  booktitle = "Proceedings of the 19th Annual Scientific Meeting, International Society for Magnetic Resonance in Medicine",
  venue = {Montréal, Canada},
  year = {2011},
}

@proceedings{ismrm:12,
  booktitle = "Proceedings of the 20th Annual Scientific Meeting, International Society for Magnetic Resonance in Medicine",
  venue = {Melbourne, Australia},
  year = {2012},
}

@proceedings{ismrm:13,
  booktitle = "Proceedings of the 21st Annual Scientific Meeting, International Society for Magnetic Resonance in Medicine",
  venue = {Salt Lake City, UT},
  year = {2013},
}

@proceedings{ismrm:14,
  booktitle = "Joint Annual Meeting ISMRM-ESMRMB",
  venue =  {Milan, Italy},
  year = {2014},
}

@proceedings{ismrm:15,
  booktitle = "Proceedings of the 23rd Annual Scientific Meeting, International Society for Magnetic Resonance in Medicine",
  venue =  {Toronto, Canada},
  year = {2015},
}

@proceedings{ismrm:16,
  booktitle = "Proceedings of the 24th Annual Scientific Meeting, International Society for Magnetic Resonance in Medicine",
  venue =  {Singapore},
  year = {2016},
}

@proceedings{ismrm:17,
  booktitle = "Proceedings of the 25th Annual Scientific Meeting, International Society for Magnetic Resonance in Medicine",
  venue =  {Honolulu, HI},
  year = {2017},
}

@proceedings{ismrm:18,
  booktitle = "Joint Annual Meeting ISMRM-ESMRMB",
  venue =  {Paris, France},
  year = {2018},
}

@proceedings{scmr:18,
  booktitle = "Proceedings of the 5th Joint EuroCMR/SCMR Meeting",
  venue = {Barcelona, Spain},
  year = {2018},
}

@proceedings{ismrm:19,
  booktitle = "Proceedings of the 27th Annual Scientific Meeting, International Society for Magnetic Resonance in Medicine",
  venue =  {Montréal, Canada},
  year = {2019},
}